@book{nakagawa2017revisao,
  title={Revis{\~a}o Sistem{\'a}tica da Literatura em Engenharia de Software: Teoria e Pr{\'a}tica},
  author={Nakagawa, Elisa Yumi and Scannavino, K{\'a}tia Romero Felizardo and Fabbri, Sandra Camargo Pinto Ferraz and Ferrari, Fabiano Cutigi},
  year={2017},
  publisher={Elsevier Brasil}
}

@article{ampatzoglou2015financial,
  title={The financial aspect of managing technical debt: A systematic literature review},
  author={Ampatzoglou, Areti and Ampatzoglou, Apostolos and Chatzigeorgiou, Alexander and Avgeriou, Paris},
  journal={Information and Software Technology},
  volume={64},
  pages={52--73},
  year={2015},
  publisher={Elsevier}
}

@inproceedings{becker2018trade,
  title={Trade-off decisions across time in technical debt management: a systematic literature review},
  author={Becker, Christoph and Chitchyan, Ruzanna and Betz, Stefanie and McCord, Curtis},
  booktitle={Proceedings of the 2018 International Conference on Technical Debt},
  pages={85--94},
  year={2018},
  organization={ACM}
}

@article{behutiye2017analyzing,
  title={Analyzing the concept of technical debt in the context of agile software development: A systematic literature review},
  author={Behutiye, Woubshet Nema and Rodr{\'\i}guez, Pilar and Oivo, Markku and Tosun, Ay{\c{s}}e},
  journal={Information and Software Technology},
  volume={82},
  pages={139--158},
  year={2017},
  publisher={Elsevier}
}

@article{besker2018managing,
  title={Managing architectural technical debt: A unified model and systematic literature review},
  author={Besker, Terese and Martini, Antonio and Bosch, Jan},
  journal={Journal of Systems and Software},
  volume={135},
  pages={1--16},
  year={2018},
  publisher={Elsevier}
}

@inproceedings{petersen2008systematic,
  title={Systematic Mapping Studies in Software Engineering.},
  author={Petersen, Kai and Feldt, Robert and Mujtaba, Shahid and Mattsson, Michael},
  booktitle={EASE},
  volume={8},
  pages={68--77},
  year={2008}
}

@book{noblit1988meta,
  title={Meta-ethnography: Synthesizing qualitative studies},
  author={Noblit, George W and Hare, R Dwight and Hare, RD},
  volume={11},
  year={1988},
  publisher={sage}
}

@incollection{marccal2016techniques,
  title={Techniques for the Identification of Crosscutting Concerns: A Systematic Literature Review},
  author={Mar{\c{c}}al, Ingrid and Garcia, Rog{\'e}rio Eduardo and Eler, Danilo Medeiros and Junior, Celso Olivete and Correia, Ronaldo CM},
  booktitle={Information Technology: New Generations},
  pages={569--579},
  year={2016},
  publisher={Springer}
}